<?xml version="1.0" encoding="UTF-8"?><collection xmlns="http://www.loc.gov/MARC21/slim"><record><leader>00811nam--2200205-i-4500</leader><controlfield tag="001">000024134</controlfield><controlfield tag="002">20161230</controlfield><controlfield tag="005">20170118190854</controlfield><controlfield tag="008">060222s1000------------r-----000-0-eng-d</controlfield><datafield ind1=" " ind2=" " tag="020"><subfield code="a">0444005951</subfield></datafield><datafield ind1=" " ind2=" " tag="040"><subfield code="a">IFIN-HH</subfield></datafield><datafield ind1=" " ind2=" " tag="080"><subfield code="a">621.375.826(061.3)</subfield></datafield><datafield ind1="1" ind2=" " tag="100"><subfield code="a">Gibbons, J. F</subfield></datafield><datafield ind1="1" ind2="0" tag="245"><subfield code="a">Laser and electron-beam solid interactions and materials processing</subfield><subfield code="b">Volume 1 materials research society symposia proceedings. Proceedings of the Materials Research Society annual meeting, November 1980, Copley Plaza Hotel, Boston, Massachusets, USA</subfield><subfield code="c">J.F. Gibbons, L.D. Hess, T.W. Sigmon (eds.)</subfield></datafield><datafield ind1=" " ind2=" " tag="260"><subfield code="a">New York</subfield><subfield code="b">North Holland</subfield><subfield code="c">1981</subfield></datafield><datafield ind1=" " ind2=" " tag="300"><subfield code="a">XIII+629 p</subfield></datafield><datafield ind1=" " ind2=" " tag="490"><subfield code="a">Materials Research Society Symposia Proceedings</subfield></datafield><datafield ind1="1" ind2=" " tag="700"><subfield code="a">Sigmon, T. W</subfield><subfield code="e">Ed</subfield></datafield><datafield ind1=" " ind2=" " tag="852"><subfield code="a">49226</subfield><subfield code="c">539</subfield></datafield><datafield ind1=" " ind2=" " tag="CAT"><subfield code="a">SYS</subfield><subfield code="c">20170118</subfield><subfield code="h">190854</subfield></datafield></record></collection>